<?xml version="1.0" encoding="UTF-8"?><marc:record xmlns:marc="http://www.loc.gov/MARC21/slim">
    <marc:leader>03537nab a2200721 u 4500</marc:leader>
    <marc:controlfield tag="001">9916240388407426</marc:controlfield>
    <marc:controlfield tag="005">20221117223015.0</marc:controlfield>
    <marc:controlfield tag="008">040804e200406 xx |||||o|||||||||||eng||</marc:controlfield>
    <marc:datafield tag="016" ind1="7" ind2=" ">
        <marc:subfield code="a">IND43637071</marc:subfield>
        <marc:subfield code="2">DNAL</marc:subfield>
    </marc:datafield>
    <marc:datafield tag="024" ind1="7" ind2=" ">
        <marc:subfield code="a">10.1603/0046-225X-33.3.727</marc:subfield>
        <marc:subfield code="2">doi</marc:subfield>
    </marc:datafield>
    <marc:datafield tag="035" ind1=" " ind2=" ">
        <marc:subfield code="a">agid:674916-01nal_inst</marc:subfield>
    </marc:datafield>
    <marc:datafield tag="040" ind1=" " ind2=" ">
        <marc:subfield code="a">AGL</marc:subfield>
        <marc:subfield code="b">eng</marc:subfield>
        <marc:subfield code="c">AGL</marc:subfield>
    </marc:datafield>
    <marc:datafield tag="072" ind1=" " ind2="0">
        <marc:subfield code="a">L300</marc:subfield>
    </marc:datafield>
    <marc:datafield tag="072" ind1=" " ind2="0">
        <marc:subfield code="a">L002</marc:subfield>
    </marc:datafield>
    <marc:datafield tag="100" ind1="1" ind2=" ">
        <marc:subfield code="a">Baum, K.A.</marc:subfield>
    </marc:datafield>
    <marc:datafield tag="245" ind1="1" ind2="0">
        <marc:subfield code="a">Pollen selection by feral honey bee (Hymenoptera: Apidae) colonies in a
            coastal prairie landscape</marc:subfield>
    </marc:datafield>
    <marc:datafield tag="300" ind1=" " ind2=" ">
        <marc:subfield code="a">p. 727-239.</marc:subfield>
    </marc:datafield>
    <marc:datafield tag="500" ind1=" " ind2=" ">
        <marc:subfield code="a">Includes references</marc:subfield>
    </marc:datafield>
    <marc:datafield tag="500" ind1=" " ind2=" ">
        <marc:subfield code="a">2019-12-06</marc:subfield>
    </marc:datafield>
    <marc:datafield tag="520" ind1=" " ind2=" ">
        <marc:subfield code="a">The collection of pollen by honey bees (Apis mellifera L.) provides
            valuable pollination services for many plants and the protein necessary for brood and
            young worker development. We collected and identified pollen gathered by feral honey bee
            colonies living in tree cavities in a coastal prairie landscape over the duration of 1
            yr. Specific objectives included evaluating overlap in pollen use between colonies
            throughout the year, examining the influence of the spatial locations of the colonies on
            overlap in pollen use, and describing general pollen collection patterns. The feral
            colonies collected a wide variety of pollen types. Anemophilous (wind pollinated) pollen
            types were important in the fall, but entomophilous (insect pollinated) pollen types
            were important for the remainder of the year. Herbaceous plants and shrubs provided
            pollen during the spring and early summer, trees in mid- to late summer, and herbaceous
            plants in the fall. The pollen sources used by the feral colonies also tended to be good
            nectar sources. Overlap in pollen use between colonies varied throughout the year.
            Pollen overlap was correlated with distance for some sampling periods and not others,
            probably because of the way colonies select resources and the flowering phenology in the
            study area.</marc:subfield>
    </marc:datafield>
    <marc:datafield tag="593" ind1=" " ind2=" ">
        <marc:subfield code="a">PubAg article</marc:subfield>
    </marc:datafield>
    <marc:datafield tag="650" ind1=" " ind2="3">
        <marc:subfield code="a">food plants</marc:subfield>
    </marc:datafield>
    <marc:datafield tag="650" ind1=" " ind2="3">
        <marc:subfield code="a">Apis mellifera</marc:subfield>
    </marc:datafield>
    <marc:datafield tag="650" ind1=" " ind2="3">
        <marc:subfield code="a">spatial distribution</marc:subfield>
    </marc:datafield>
    <marc:datafield tag="650" ind1=" " ind2="3">
        <marc:subfield code="a">tree cavities</marc:subfield>
    </marc:datafield>
    <marc:datafield tag="650" ind1=" " ind2="3">
        <marc:subfield code="a">prairies</marc:subfield>
    </marc:datafield>
    <marc:datafield tag="650" ind1=" " ind2="3">
        <marc:subfield code="a">honey bees</marc:subfield>
    </marc:datafield>
    <marc:datafield tag="650" ind1=" " ind2="3">
        <marc:subfield code="a">pollen</marc:subfield>
    </marc:datafield>
    <marc:datafield tag="650" ind1=" " ind2="3">
        <marc:subfield code="a">nectar plants</marc:subfield>
    </marc:datafield>
    <marc:datafield tag="650" ind1=" " ind2="3">
        <marc:subfield code="a">seasonal variation</marc:subfield>
    </marc:datafield>
    <marc:datafield tag="650" ind1=" " ind2="3">
        <marc:subfield code="a">foraging</marc:subfield>
    </marc:datafield>
    <marc:datafield tag="650" ind1=" " ind2="3">
        <marc:subfield code="a">habitats</marc:subfield>
    </marc:datafield>
    <marc:datafield tag="650" ind1=" " ind2="3">
        <marc:subfield code="a">pollinating insects</marc:subfield>
    </marc:datafield>
    <marc:datafield tag="650" ind1=" " ind2="3">
        <marc:subfield code="a">honey bee colonies</marc:subfield>
    </marc:datafield>
    <marc:datafield tag="651" ind1=" " ind2="3">
        <marc:subfield code="a">Texas</marc:subfield>
    </marc:datafield>
    <marc:datafield tag="653" ind1=" " ind2="0">
        <marc:subfield code="a">feral colonies</marc:subfield>
    </marc:datafield>
    <marc:datafield tag="653" ind1=" " ind2="0">
        <marc:subfield code="a">foraging overlap</marc:subfield>
    </marc:datafield>
    <marc:datafield tag="653" ind1=" " ind2="0">
        <marc:subfield code="a">pollen plants</marc:subfield>
    </marc:datafield>
    <marc:datafield tag="653" ind1=" " ind2="0">
        <marc:subfield code="a">insect ecology</marc:subfield>
    </marc:datafield>
    <marc:datafield tag="700" ind1="1" ind2=" ">
        <marc:subfield code="a">Rubink, W.L.</marc:subfield>
    </marc:datafield>
    <marc:datafield tag="700" ind1="1" ind2=" ">
        <marc:subfield code="a">Coulson, R.N.</marc:subfield>
    </marc:datafield>
    <marc:datafield tag="700" ind1="1" ind2=" ">
        <marc:subfield code="a">Bryant, V.M. Jr.</marc:subfield>
    </marc:datafield>
    <marc:datafield tag="773" ind1="0" ind2=" ">
        <marc:subfield code="t">Environmental entomology.</marc:subfield>
        <marc:subfield code="g">2004 June, v. 33, no. 3 p.727-239</marc:subfield>
        <marc:subfield code="d">Entomological Society of America.</marc:subfield>
        <marc:subfield code="x">0046-225X</marc:subfield>
        <marc:subfield code="7">nnas</marc:subfield>
    </marc:datafield>
    <marc:datafield tag="787" ind1="1" ind2=" ">
        <marc:subfield code="o">islandora_article_repository</marc:subfield>
    </marc:datafield>
    <marc:datafield tag="787" ind1="1" ind2=" ">
        <marc:subfield code="o">product_pubag</marc:subfield>
    </marc:datafield>
    <marc:datafield tag="787" ind1="1" ind2=" ">
        <marc:subfield code="o">(Journal)jnl3243</marc:subfield>
    </marc:datafield>
    <marc:datafield tag="852" ind1=" " ind2=" ">
        <marc:subfield code="a">DNAL</marc:subfield>
    </marc:datafield>
    <marc:datafield tag="856" ind1="4" ind2="0">
        <marc:subfield code="u">http://www.entsoc.org/pubs/periodicals/ee/index.htm</marc:subfield>
        <marc:subfield code="3">electronic resource</marc:subfield>
    </marc:datafield>
    <marc:datafield tag="856" ind1="4" ind2="0">
        <marc:subfield code="u">http://dx.doi.org/10.1603/0046-225X-33.3.727</marc:subfield>
        <marc:subfield code="3">Available from publisher's Web site</marc:subfield>
    </marc:datafield>
    <marc:datafield tag="912" ind1=" " ind2=" ">
        <marc:subfield code="a">Article</marc:subfield>
    </marc:datafield>
    <marc:datafield tag="914" ind1=" " ind2=" ">
        <marc:subfield code="a">Journal:jnl3243</marc:subfield>
        <marc:subfield code="b">0046-225X</marc:subfield>
        <marc:subfield code="c">33</marc:subfield>
        <marc:subfield code="d">3</marc:subfield>
        <marc:subfield code="e">727</marc:subfield>
    </marc:datafield>
    <marc:datafield tag="914" ind1=" " ind2=" ">
        <marc:subfield code="f">Environmental entomology</marc:subfield>
    </marc:datafield>
    <marc:datafield tag="917" ind1=" " ind2=" ">
        <marc:subfield code="a">issued</marc:subfield>
    </marc:datafield>
    <marc:datafield tag="930" ind1=" " ind2=" ">
        <marc:subfield code="a">20050410</marc:subfield>
        <marc:subfield code="b">20050501</marc:subfield>
        <marc:subfield code="c">00000000</marc:subfield>
    </marc:datafield>
    <marc:datafield tag="935" ind1=" " ind2=" ">
        <marc:subfield code="a">IND43637071</marc:subfield>
        <marc:subfield code="9">ExL</marc:subfield>
    </marc:datafield>
    <marc:datafield tag="945" ind1=" " ind2=" ">
        <marc:subfield code="a">IND</marc:subfield>
        <marc:subfield code="d">NZM</marc:subfield>
        <marc:subfield code="e">2004/10/07</marc:subfield>
    </marc:datafield>
    <marc:datafield tag="946" ind1=" " ind2=" ">
        <marc:subfield code="a">Other US</marc:subfield>
    </marc:datafield>
    <marc:datafield tag="949" ind1=" " ind2=" ">
        <marc:subfield code="a">2014-07-17</marc:subfield>
    </marc:datafield>
    <marc:datafield tag="952" ind1=" " ind2=" ">
        <marc:subfield code="a">20050410 20050501 00000000</marc:subfield>
        <marc:subfield code="b">IND NZM 2004/10/07</marc:subfield>
    </marc:datafield>
    <marc:datafield tag="974" ind1=" " ind2=" ">
        <marc:subfield code="a">agid:674916</marc:subfield>
    </marc:datafield>
    <marc:datafield tag="984" ind1=" " ind2=" ">
        <marc:subfield code="a">2015-11-24</marc:subfield>
    </marc:datafield>
    <marc:datafield tag="985" ind1=" " ind2=" ">
        <marc:subfield code="a">Converted from MARCXML to MODS version 3.4 using MARC21slim2MODS3-4.xsl
            (Revision 1.95 2014/04/23)</marc:subfield>
    </marc:datafield>
    <marc:datafield tag="986" ind1=" " ind2=" ">
        <marc:subfield code="a">3637071</marc:subfield>
    </marc:datafield>
</marc:record>